@misc{R1,
   url = {https://www.arcgis.com/apps/opsdashboard/index.html#/bda7594740fd40299423467b48e9ecf6},
   year = {2020},
   type = {Dashboard}
}

@online{R2,
author = {WHO},
title = {Coronavirus disease (COVID-19)},
year = {2020},
url = {https://www.arcgis.com/apps/opsdashboard/index.html#/bda7594740fd40299423467b48e9ecf6},
OPTsubtitle = {Situation Report – 104},
OPTtitleaddon = {•},
OPTlanguage = {•},
OPTversion = {•},
OPTnote = {•},
OPTorganization = {WHO},
OPTdate = {•},
OPTmonth = {•},
OPTaddendum = {•},
OPTpubstate = {•},
OPTurldate = {https://www.arcgis.com/apps/opsdashboard/index.html#/bda7594740fd40299423467b48e9ecf6},
}

@online{R3,
author = {Government of Ontario},
title = {How Ontario is responding to COVID-19},
year = {2020},
url = {https://www.ontario.ca/page/how-ontario-is-responding-covid-19},
OPTsubtitle = {Learn about coronavirus (COVID-19) cases in Ontario and how the province is keeping people safe.},
OPTtitleaddon = {•},
OPTlanguage = {•},
OPTversion = {•},
OPTnote = {•},
OPTorganization = {Government of Ontario},
OPTdate = {•},
OPTmonth = {•},
OPTaddendum = {•},
OPTpubstate = {•},
OPTurldate = {https://www.ontario.ca/page/how-ontario-is-responding-covid-19},
}


@article{R4,
   author = {Carly Weeks, Jill Mahoney, Larua Stone, Tu Thanh Ha},
   title = {Outbreaks at seniors’ homes linked to almost half of COVID-19 deaths in Canada, Theresa Tam says},
   journal = {The Globe and Mail},
   DOI = {https://www.theglobeandmail.com/canada/article-outbreaks-at-seniors-homes-linked-to-almost-half-of-covid-19-deaths/},
   year = {2020},
   type = {News Article}
}

@online{R5,
author = {Government of Ontario},
title = {Confirmed positive cases of COVID-19 in Ontario},
year = {2020},
url = {https://data.ontario.ca/dataset/confirmed-positive-cases-of-covid-19-in-ontario/resource/455fd63b-603d-4608-8216-7d8647f43350},
OPTsubtitle = {},
OPTtitleaddon = {•},
OPTlanguage = {•},
OPTversion = {•},
OPTnote = {•},
OPTorganization = {Government of Ontario},
OPTdate = {•},
OPTmonth = {•},
OPTaddendum = {•},
OPTpubstate = {•},
OPTurldate = {https://data.ontario.ca/dataset/confirmed-positive-cases-of-covid-19-in-ontario/resource/455fd63b-603d-4608-8216-7d8647f43350,
}

